<record><leader>00000cas a22000007a 4500</leader><controlfield tag="001">10652621</controlfield><controlfield tag="008">840423d18011802nhuwr ne      0    0eng d</controlfield><datafield ind1=" " ind2=" " tag="010"><subfield code="a">sn 84022876 </subfield></datafield><datafield ind1=" " ind2=" " tag="040"><subfield code="a">NPX</subfield><subfield code="b">eng</subfield><subfield code="c">NPX</subfield><subfield code="d">OCL</subfield><subfield code="d">DLC</subfield><subfield code="d">NPU</subfield><subfield code="d">NVH</subfield><subfield code="d">MGN</subfield><subfield code="d">OCLCQ</subfield><subfield code="d">DLC</subfield><subfield code="d">OCLCF</subfield></datafield><datafield ind1=" " ind2=" " tag="019"><subfield code="a">10652653</subfield></datafield><datafield ind1="1" ind2=" " tag="029"><subfield code="a">AU@</subfield><subfield code="b">000025818419</subfield></datafield><datafield ind1=" " ind2=" " tag="042"><subfield code="a">msc</subfield></datafield><datafield ind1=" " ind2=" " tag="043"><subfield code="a">n-us-nh</subfield></datafield><datafield ind1="0" ind2="0" tag="050"><subfield code="a">Newspaper</subfield></datafield><datafield ind1="0" ind2=" " tag="130"><subfield code="a">Republican gazette (Concord, N.H.)</subfield></datafield><datafield ind1="1" ind2="0" tag="245"><subfield code="a">Republican gazette.</subfield></datafield><datafield ind1=" " ind2=" " tag="260"><subfield code="a">Concord, N.H. :</subfield><subfield code="b">Elijah Russell</subfield></datafield><datafield ind1=" " ind2=" " tag="300"><subfield code="a">v.</subfield></datafield><datafield ind1=" " ind2=" " tag="310"><subfield code="a">Weekly</subfield></datafield><datafield ind1="0" ind2=" " tag="362"><subfield code="a">Vol. 1, no. 1 (Feb. 5, 1801)-v. 2, no. 78 (Aug. 3, 1802).</subfield></datafield><datafield ind1=" " ind2="0" tag="651"><subfield code="a">Concord (N.H.)</subfield><subfield code="v">Newspapers.</subfield></datafield><datafield ind1=" " ind2="7" tag="655"><subfield code="a">Newspapers.</subfield><subfield code="2">fast</subfield><subfield code="0">(OCoLC)fst01423814</subfield></datafield><datafield ind1=" " ind2="7" tag="651"><subfield code="a">New Hampshire</subfield><subfield code="z">Concord.</subfield><subfield code="2">fast</subfield><subfield code="0">(OCoLC)fst01205752</subfield></datafield><datafield ind1=" " ind2=" " tag="752"><subfield code="a">United States</subfield><subfield code="b">New Hampshire</subfield><subfield code="c">Merrimack</subfield><subfield code="d">Concord.</subfield></datafield><datafield ind1="0" ind2="0" tag="785"><subfield code="t">American Republican gazette</subfield><subfield code="w">(DLC)sn 90062293</subfield><subfield code="w">(OCoLC)21566062</subfield></datafield></record>